%YAML 1.1
%TAG !u! tag:unity3d.com,2011:
--- !u!1001 &100100000
Prefab:
  m_ObjectHideFlags: 1
  serializedVersion: 2
  m_Modification:
    m_TransformParent: {fileID: 0}
    m_Modifications: []
    m_RemovedComponents: []
  m_ParentPrefab: {fileID: 0}
  m_RootGameObject: {fileID: 1503581925748096}
  m_IsPrefabParent: 1
--- !u!1 &1503581925748096
GameObject:
  m_ObjectHideFlags: 0
  m_PrefabParentObject: {fileID: 0}
  m_PrefabInternal: {fileID: 100100000}
  serializedVersion: 5
  m_Component:
  - component: {fileID: 4208394620898246}
  - component: {fileID: 95696887446899960}
  - component: {fileID: 114998001775228636}
  - component: {fileID: 114673907113413650}
  - component: {fileID: 114269734203478086}
  m_Layer: 0
  m_Name: Erina
  m_TagString: Untagged
  m_Icon: {fileID: 0}
  m_NavMeshLayer: 0
  m_StaticEditorFlags: 0
  m_IsActive: 1
--- !u!4 &4208394620898246
Transform:
  m_ObjectHideFlags: 1
  m_PrefabParentObject: {fileID: 0}
  m_PrefabInternal: {fileID: 100100000}
  m_GameObject: {fileID: 1503581925748096}
  m_LocalRotation: {x: 0, y: 0, z: 0, w: 1}
  m_LocalPosition: {x: 0, y: 0, z: 0}
  m_LocalScale: {x: 0.5, y: 0.5, z: 1}
  m_Children: []
  m_Father: {fileID: 0}
  m_RootOrder: 0
  m_LocalEulerAnglesHint: {x: 0, y: 0, z: 0}
--- !u!95 &95696887446899960
Animator:
  serializedVersion: 3
  m_ObjectHideFlags: 1
  m_PrefabParentObject: {fileID: 0}
  m_PrefabInternal: {fileID: 100100000}
  m_GameObject: {fileID: 1503581925748096}
  m_Enabled: 1
  m_Avatar: {fileID: 0}
  m_Controller: {fileID: 0}
  m_CullingMode: 0
  m_UpdateMode: 0
  m_ApplyRootMotion: 0
  m_LinearVelocityBlending: 0
  m_WarningMessage: 
  m_HasTransformHierarchy: 1
  m_AllowConstantClipSamplingOptimization: 1
--- !u!114 &114269734203478086
MonoBehaviour:
  m_ObjectHideFlags: 1
  m_PrefabParentObject: {fileID: 0}
  m_PrefabInternal: {fileID: 100100000}
  m_GameObject: {fileID: 1503581925748096}
  m_Enabled: 1
  m_EditorHideFlags: 0
  m_Script: {fileID: 11500000, guid: f68c089d83203a44bb3658ebeb918271, type: 3}
  m_Name: 
  m_EditorClassIdentifier: 
  ob_Face: []
  PlayerID: 0
  cd: {fileID: 0}
  anim: {fileID: 0}
  bs: {fileID: 0}
  befHp: 0
  nowHp: 0
--- !u!114 &114673907113413650
MonoBehaviour:
  m_ObjectHideFlags: 1
  m_PrefabParentObject: {fileID: 0}
  m_PrefabInternal: {fileID: 100100000}
  m_GameObject: {fileID: 1503581925748096}
  m_Enabled: 1
  m_EditorHideFlags: 0
  m_Script: {fileID: 11500000, guid: 179bd75b7e7cb1c4b83ba15b19487d11, type: 3}
  m_Name: 
  m_EditorClassIdentifier: 
  Name: "\u30A2\u30EC\u30B9\u30BF"
  Number: 1
  SkillNames: 120000003000000031000000020000001c000000
  ItemNames: 0100000002000000
  skills: []
  items: []
--- !u!114 &114998001775228636
MonoBehaviour:
  m_ObjectHideFlags: 1
  m_PrefabParentObject: {fileID: 0}
  m_PrefabInternal: {fileID: 100100000}
  m_GameObject: {fileID: 1503581925748096}
  m_Enabled: 1
  m_EditorHideFlags: 0
  m_Script: {fileID: 11500000, guid: 8af5455b167a9d54c97ffb5e6cd67191, type: 3}
  m_Name: 
  m_EditorClassIdentifier: 
  prefab_Menu: {fileID: 1128570784998774, guid: 4404f98e60691f042a136b02364fb163,
    type: 2}
  Menu: {fileID: 0}
  itemBook: {fileID: 0}
  skillBook: {fileID: 0}
  ob_Enemy: {fileID: 0}
  Player_Name: {fileID: 0}
  CharaName: 
  Lv: 0
  Hp: 0
  M_Hp: 0
  Mp: 0
  M_Mp: 0
  Str: 0
  Agi: 0
  Int: 0
  Vit: 0
  Luk: 0
  Cri: 0
  Fatigue: 0
  Atr: 0
  B_Str: 0
  B_Agi: 0
  B_Int: 0
  B_Vit: 0
  B_Luk: 0
  B_Cri: 0
  B_Abn: 0
  Exp: 0
  G: 0
  PlyOrEnm: 0
  GroupName: 
  ObjectID: 0
  B_Priority: 0
  NextAct: 0
  SelectedActNum: 0
  TargetObject: 0
  SelectedTgtNum: 0
  SelectedTgtName: 
  EnmStatus:
  - {fileID: 0}
  SelectedSkl:
    SkillName: 
    SkillID: 0
    like: 0
    effect: 0
    attribute: 0
    mpCost: 0
    effectAmount: 0
    DamageFormula: 
    SkillMessages: []
    ExplanatoryText: 
    Target: 0
    EffectName: 
  SelectedItem:
    ItemName: 
    ItemID: 0
    like: 0
    effect: 0
    attribute: 0
    effectAmount: 0
    DamageFormula: 
    ItemMessages: []
    ExplanatoryText: 
    Target: 0
    EffectName: 
  TalkText:
  - 
  - 
  - 
  - 
  - 
