%YAML 1.1
%TAG !u! tag:unity3d.com,2011:
--- !u!1001 &100100000
Prefab:
  m_ObjectHideFlags: 1
  serializedVersion: 2
  m_Modification:
    m_TransformParent: {fileID: 0}
    m_Modifications: []
    m_RemovedComponents: []
  m_ParentPrefab: {fileID: 0}
  m_RootGameObject: {fileID: 1303746110126418}
  m_IsPrefabParent: 1
--- !u!1 &1303746110126418
GameObject:
  m_ObjectHideFlags: 0
  m_PrefabParentObject: {fileID: 0}
  m_PrefabInternal: {fileID: 100100000}
  serializedVersion: 5
  m_Component:
  - component: {fileID: 4318772944655316}
  - component: {fileID: 95625549768804990}
  - component: {fileID: 114440376563079736}
  - component: {fileID: 114632479829238014}
  m_Layer: 0
  m_Name: StoneGolem
  m_TagString: Untagged
  m_Icon: {fileID: 0}
  m_NavMeshLayer: 0
  m_StaticEditorFlags: 0
  m_IsActive: 1
--- !u!4 &4318772944655316
Transform:
  m_ObjectHideFlags: 1
  m_PrefabParentObject: {fileID: 0}
  m_PrefabInternal: {fileID: 100100000}
  m_GameObject: {fileID: 1303746110126418}
  m_LocalRotation: {x: 0, y: 0, z: 0, w: 1}
  m_LocalPosition: {x: 0, y: 0, z: 0}
  m_LocalScale: {x: 1, y: 1, z: 1}
  m_Children: []
  m_Father: {fileID: 0}
  m_RootOrder: 0
  m_LocalEulerAnglesHint: {x: 0, y: 0, z: 0}
--- !u!95 &95625549768804990
Animator:
  serializedVersion: 3
  m_ObjectHideFlags: 1
  m_PrefabParentObject: {fileID: 0}
  m_PrefabInternal: {fileID: 100100000}
  m_GameObject: {fileID: 1303746110126418}
  m_Enabled: 1
  m_Avatar: {fileID: 0}
  m_Controller: {fileID: 0}
  m_CullingMode: 0
  m_UpdateMode: 0
  m_ApplyRootMotion: 0
  m_LinearVelocityBlending: 0
  m_WarningMessage: 
  m_HasTransformHierarchy: 1
  m_AllowConstantClipSamplingOptimization: 1
--- !u!114 &114440376563079736
MonoBehaviour:
  m_ObjectHideFlags: 1
  m_PrefabParentObject: {fileID: 0}
  m_PrefabInternal: {fileID: 100100000}
  m_GameObject: {fileID: 1303746110126418}
  m_Enabled: 1
  m_EditorHideFlags: 0
  m_Script: {fileID: 11500000, guid: 8af5455b167a9d54c97ffb5e6cd67191, type: 3}
  m_Name: 
  m_EditorClassIdentifier: 
  prefab_Menu: {fileID: 0}
  Menu: {fileID: 0}
  itemBook: {fileID: 0}
  skillBook: {fileID: 0}
  ob_Enemy: {fileID: 0}
  Player_Name: {fileID: 0}
  CharaName: "\u30B9\u30C8\u30FC\u30F3\u30B4\u30FC\u30EC\u30E0"
  Lv: 35
  Hp: 200
  M_Hp: 200
  Mp: 190
  M_Mp: 190
  Str: 105
  Agi: 19
  Int: 49
  Vit: 140
  Luk: 20
  Cri: 20
  Fatigue: 0
  Atr: 0
  B_Str: 0
  B_Agi: 0
  B_Int: 0
  B_Vit: 0
  B_Luk: 0
  B_Cri: 0
  B_Abn: 0
  Exp: 600
  G: 1200
  PlyOrEnm: 0
  GroupName: 
  ObjectID: 0
  B_Priority: 0
  NextAct: 0
  SelectedActNum: 0
  TargetObject: 0
  SelectedTgtNum: 0
  SelectedTgtName: 
  EnmStatus: []
  SelectedSkl:
    SkillName: 
    SkillID: 0
    like: 0
    effect: 0
    attribute: 0
    mpCost: 0
    effectAmount: 0
    DamageFormula: 
    SkillMessages: []
    ExplanatoryText: 
    Target: 0
    EffectName: 
  SelectedItem:
    ItemName: 
    ItemID: 0
    like: 0
    effect: 0
    attribute: 0
    effectAmount: 0
    DamageFormula: 
    ItemMessages: []
    ExplanatoryText: 
    Target: 0
    EffectName: 
  TalkText:
  - 
  - 
  - 
  - 
  - 
--- !u!114 &114632479829238014
MonoBehaviour:
  m_ObjectHideFlags: 1
  m_PrefabParentObject: {fileID: 0}
  m_PrefabInternal: {fileID: 100100000}
  m_GameObject: {fileID: 1303746110126418}
  m_Enabled: 1
  m_EditorHideFlags: 0
  m_Script: {fileID: 11500000, guid: 19e7f1f79d16c7d458948fd3e4fe6405, type: 3}
  m_Name: 
  m_EditorClassIdentifier: 
  Name: 14
  SkillNames: 2200000023000000
  skills:
  - SkillName: 
    SkillID: 0
    like: 0
    effect: 0
    attribute: 0
    mpCost: 0
    effectAmount: 0
    DamageFormula: 
    SkillMessages: []
    ExplanatoryText: 
    Target: 0
    EffectName: 
  - SkillName: 
    SkillID: 0
    like: 0
    effect: 0
    attribute: 0
    mpCost: 0
    effectAmount: 0
    DamageFormula: 
    SkillMessages: []
    ExplanatoryText: 
    Target: 0
    EffectName: 
  - SkillName: 
    SkillID: 0
    like: 0
    effect: 0
    attribute: 0
    mpCost: 0
    effectAmount: 0
    DamageFormula: 
    SkillMessages: []
    ExplanatoryText: 
    Target: 0
    EffectName: 
